<record><leader>00000cas a22000007a 4500</leader><controlfield tag="001">12982910</controlfield><controlfield tag="008">860106d19021910utudn ne      0   a0eng d</controlfield><datafield ind1=" " ind2=" " tag="010"><subfield code="a">sn 85058398 </subfield></datafield><datafield ind1=" " ind2=" " tag="040"><subfield code="a">UNP</subfield><subfield code="b">eng</subfield><subfield code="c">UNP</subfield><subfield code="d">DLC</subfield><subfield code="d">OCLCQ</subfield></datafield><datafield ind1="1" ind2=" " tag="022"><subfield code="a">1943-8745</subfield><subfield code="l">1943-8745</subfield><subfield code="2">1</subfield></datafield><datafield ind1="1" ind2=" " tag="029"><subfield code="a">AU@</subfield><subfield code="b">000043364846</subfield></datafield><datafield ind1="1" ind2=" " tag="029"><subfield code="a">NZ1</subfield><subfield code="b">16071193</subfield></datafield><datafield ind1=" " ind2=" " tag="042"><subfield code="a">msc</subfield><subfield code="a">nsdp</subfield></datafield><datafield ind1=" " ind2=" " tag="043"><subfield code="a">n-us-ut</subfield></datafield><datafield ind1="0" ind2="0" tag="050"><subfield code="a">Newspaper</subfield></datafield><datafield ind1="1" ind2="4" tag="050"><subfield code="a">AN1</subfield><subfield code="b">.O3423</subfield></datafield><datafield ind1="0" ind2=" " tag="130"><subfield code="a">Ogden standard (Ogden, Utah : 1902)</subfield></datafield><datafield ind1=" " ind2="4" tag="222"><subfield code="a">The Ogden standard</subfield><subfield code="b">(Ogden, Utah. 1902)</subfield></datafield><datafield ind1="1" ind2="4" tag="245"><subfield code="a">The Ogden standard.</subfield></datafield><datafield ind1="1" ind2="3" tag="246"><subfield code="a">Evening standard</subfield></datafield><datafield ind1="1" ind2="7" tag="246"><subfield code="a">Standard</subfield></datafield><datafield ind1="1" ind2="7" tag="246"><subfield code="a">Daily standard</subfield></datafield><datafield ind1=" " ind2=" " tag="260"><subfield code="a">Ogden City, Utah :</subfield><subfield code="b">Standard Pub. Co.,</subfield><subfield code="c">1902-1910.</subfield></datafield><datafield ind1=" " ind2=" " tag="300"><subfield code="a">9 v. :</subfield><subfield code="b">ill.</subfield></datafield><datafield ind1=" " ind2=" " tag="310"><subfield code="a">Daily (except Sun.)</subfield></datafield><datafield ind1=" " ind2=" " tag="321"><subfield code="a">Daily (except Mon.)</subfield></datafield><datafield ind1="0" ind2=" " tag="362"><subfield code="a">32nd year, no. 143 (Oct. 10, 1902)-40th year, no. 195 (Aug. 15, 1910).</subfield></datafield><datafield ind1=" " ind2=" " tag="530"><subfield code="a">Archived issues are available in digital format as part of the Library of Congress Chronicling America online collection.</subfield></datafield><datafield ind1=" " ind2=" " tag="580"><subfield code="a">Published also in weekly edition called:  Weekly standard (Ogden, Utah); and, semi-weekly edition called: Semi-weekly standard (Ogden, Utah : 1909).</subfield></datafield><datafield ind1=" " ind2=" " tag="752"><subfield code="a">United States</subfield><subfield code="b">Utah</subfield><subfield code="c">Weber</subfield><subfield code="d">Ogden.</subfield></datafield><datafield ind1="0" ind2=" " tag="775"><subfield code="t">Weekly standard (Ogden, Utah)</subfield><subfield code="w">(DLC)sn 83025535</subfield><subfield code="w">(OCoLC)9561394</subfield></datafield><datafield ind1="0" ind2=" " tag="775"><subfield code="t">Semi-weekly standard (Ogden, Utah : 1909)</subfield><subfield code="w">(DLC)sn 85058316</subfield><subfield code="w">(OCoLC)12830264</subfield></datafield><datafield ind1="0" ind2="0" tag="780"><subfield code="t">Standard (Ogden, Utah : 1888)</subfield><subfield code="w">(DLC)sn 83025535</subfield><subfield code="w">(OCoLC)9561394</subfield></datafield><datafield ind1="0" ind2="0" tag="785"><subfield code="t">Evening standard (Ogden, Utah)</subfield><subfield code="x">1943-8753</subfield><subfield code="w">(DLC)sn 85058397</subfield><subfield code="w">(OCoLC)12982894</subfield></datafield><datafield ind1="4" ind2="1" tag="856"><subfield code="u">http://www.loc.gov/chroniclingamerica/lccn/sn85058398/issues</subfield></datafield></record>